@inproceedings{chiasson2006usability,
  title={A Usability Study and Critique of Two Password Managers.},
  author={Chiasson, Sonia and van Oorschot, Paul C and Biddle, Robert},
  booktitle={Usenix Security},
  volume={6},
  year={2006}
}

@book{rubini2001linux,
  title={Linux device drivers},
  author={Rubini, Alessandro and Corbet, Jonathan},
  year={2001},
  publisher={" O'Reilly Media, Inc."}
}

@inproceedings{wood2010keyloggers,
  title={Keyloggers in Cybersecurity Education.},
  author={Wood, Christopher and Raj, Rajendra},
  booktitle={Security and Management},
  pages={293--299},
  year={2010}
}

@article{gagne2008cooking,
  title={Cooking with Linux: security's front door},
  author={Gagn{\'e}, Marcel},
  journal={Linux journal},
  volume={2008},
  number={165},
  pages={12},
  year={2008},
  publisher={Belltown Media}
}

@inproceedings{singh2007password,
  title={Password sharing: implications for security design based on social practice},
  author={Singh, Supriya and Cabraal, Anuja and Demosthenous, Catherine and Astbrink, Gunela and Furlong, Michele},
  booktitle={Proceedings of the SIGCHI conference on Human factors in computing systems},
  pages={895--904},
  year={2007},
  organization={ACM}
}

@article{jones2006access,
  title={Access the Linux kernel using the/proc filesystem},
  author={Jones, M Tim},
  journal={IBM developerWorks},
  year={2006}
}

@book{stevens2004unix,
  title={UNIX network programming},
  author={Stevens, W Richard and Fenner, Bill and Rudoff, Andrew M},
  volume={1},
  year={2004},
  publisher={Addison-Wesley Professional}
}

@book{nemeth2011unix,
  title={UNIX and Linux system administration handbook},
  author={Nemeth, Evi},
  year={2011},
  publisher={Pearson Education}
}

@misc{ wiki:Password_manager,
   author = "Wikipedia",
   title = "{Password manager} --- {W}ikipedia{,} The Free Encyclopedia",
   year = "2016",
   howpublished = {\url{http://en.wikipedia.org/w/index.php?title=Password%20manager&oldid=697734089}},
   note = "[Online; accessed 28-January-2016]"
 }
 
@misc{klosowski_2015,
 title={The Best Password Managers, Compared},
 howpublished = {\url{http://www.lifehacker.com.au/2015/02/lifehacker-faceoff-the-best-password-managers-compared/}},
  journal={Life Hacker},
  author={KLOSOWSKI, THORIN},
  year={2015},
  month={Feb}
  }

